@Article{Asness_etal2012,
  Title                    = {Leverage aversion and risk parity},
  Author                   = {C. S. Asness and A. Frazzini and L. H. Pedersen},
  Journal                  = {Financial Analysts Journal},
  Volume                   = {68},
  Number                   = {1},
  Pages                    = {47-59},
  Year                     = {2012}
}

@Book{BoydVandenberghe2004,
  Title                    = {Convex Optimization},
  Author                   = {S. P. Boyd and L. Vandenberghe},
  Publisher                = {Cambridge University Press},
  Year                     = {2004}
}

@Article{FengPal2015riskparity,
  Title                    = {{SCRIP}: Successive convex optimization methods for risk parity portfolios design},
  Author                   = {Feng, Y. and Palomar, D. P.},
  Journal                  = {IEEE Trans. Signal Processing},
  Volume                   = {63},
  Number                   = {19},
  Pages                    = {5285--5300},
  Month                    = {Oct.},
  Year                     = {2015},
  url                      = {https://doi.org/10.1109/TSP.2015.2452219}
}

@Book{FengPal2016monograph,
  Title                    = {{A Signal Processing Perspective on Financial Engineering}},
  Author                   = {Y. Feng and D. P. Palomar},
  Publisher                = {Foundations and Trends in Signal Processing, Now Publishers},
  Year                     = {2016}
}

@Article{GriveauRichardRoncalli2013,
  Title                    = {A fast algorithm for computing high-dimensional risk parity portfolios},
  Author                   = {T. Griveau-Billion and J.-C. Richard and T. Roncalli},
  Journal                  = {SSRN},
  url                      = {https://ssrn.com/abstract=2325255},
  Year                     = {2013}
}

@Article{KayaLee2012,
  Title                    = {Demystifying risk parity},
  Author                   = {H. Kaya and W. Lee},
  Journal                  = {Neuberger Berman},
  Year                     = {2012}
}

@Article{Markowitz1952,
  Title                    = {Portfolio Selection},
  Author                   = {Markowitz, H.},
  Journal                  = {J. Financ.},
  Year                     = {1952},
  Number                   = {1},
  Pages                    = {77--91},
  Volume                   = {7}
}

@Article{Qian2005,
  Title                    = {Risk parity portfolios: Efficient portfolios through true diversification},
  Author                   = {E. Qian},
  Journal                  = {PanAgora Asset Management},
  Year                     = {2005}
}

@Book{Qian2016,
  Title                    = {Risk Parity Fundamentals},
  Author                   = {Edward E. Qian},
  Publisher                = {CRC Press},
  Year                     = {2016}
}

@Book{Roncalli2013riskparity,
  Title                    = {Introduction to Risk Parity and Budgeting},
  Author                   = {Roncalli, T.},
  Publisher                = {CRC Press},
  Year                     = {2013}
}

@Article{RichardRoncalli2019,
        Title              = {Constrained Risk Budgeting Portfolios: Theory, Algorithms, Applications, \& Puzzles },
        Author             = {Richard, Jean-Charles and Roncalli, Thierry},
        Journal            = {SSRN},
        Month              = {Feb.},
        Year               = {2019},
        url                = {https://ssrn.com/abstract=3331184}
}

@Article{ScuFacSonPal2013,
  Title                    = {Decomposition by Partial Linearization: Parallel Optimization of Multi-Agent Systems},
  Author                   = {Scutari, G. and Facchinei, F. and Peiran Song and Palomar, D. P. and Jong-Shi Pang},
  Journal                  = {IEEE Trans. Signal Processing},
  Volume                   = {62},
  Number                   = {3},
  Pages                    = {641-656},
  Month                    = {Feb.},
  Year                     = {2014}
}

@Article{Spinu2013,
  Title                    = {An algorithm for computing risk parity weights},
  Author                   = {F. Spinu},
  Journal                  = {SSRN},
  url                      = {https://ssrn.com/abstract=2297383},
  Year                     = {2013}
}